@book {MR3098996,
    AUTHOR = {Cohn, Donald L.},
     TITLE = {Measure theory},
    SERIES = {Birkh\"{a}user Advanced Texts: Basler Lehrb\"{u}cher.
              [Birkh\"{a}user Advanced Texts: Basel Textbooks]},
   EDITION = {Second},
 PUBLISHER = {Birkh\"{a}user/Springer, New York},
      YEAR = {2013},
     PAGES = {xxi+457},
      ISBN = {978-1-4614-6955-1; 978-1-4614-6956-8},
   MRCLASS = {28-01},
  MRNUMBER = {3098996},
MRREVIEWER = {Ville\ Suomala},
       DOI = {10.1007/978-1-4614-6956-8},
       URL = {https://doi.org/10.1007/978-1-4614-6956-8},
}
@book {MR0344043,
    AUTHOR = {Rudin, Walter},
     TITLE = {Real and complex analysis},
    SERIES = {McGraw-Hill Series in Higher Mathematics},
   EDITION = {Second},
 PUBLISHER = {McGraw-Hill Book Co., New York-D\"{u}sseldorf-Johannesburg},
      YEAR = {1974},
     PAGES = {xii+452},
   MRCLASS = {00A05 (26-01 30-01 42-01 46-01)},
  MRNUMBER = {344043},
}
@book {MR2759829,
    AUTHOR = {Brezis, Haim},
     TITLE = {Functional analysis, {S}obolev spaces and partial differential
              equations},
    SERIES = {Universitext},
 PUBLISHER = {Springer, New York},
      YEAR = {2011},
     PAGES = {xiv+599},
      ISBN = {978-0-387-70913-0},
   MRCLASS = {35-01 (46-01 46E35 46N20 47F05)},
  MRNUMBER = {2759829},
MRREVIEWER = {Vicen\c{t}iu\ D.\ R\u{a}dulescu},
}
